@article{yingjie2005mld,
    title={MLD modeling and MPC of hand manipulation},
    author={Yingjie, YIN and Sugimoto, Takayuki and Hosoe, Shigeyuki},
    journal={IEICE Transactions on Fundamentals of Electronics, Communications and Computer Sciences},
    volume={88},
    number={11},
    pages={2999--3006},
    year={2005},
    publisher={The Institute of Electronics, Information and Communication Engineers}
}


